
@techreport{sn640290,
    author = {VSS},
    Institution = {Vereinigung Schweizer Strassenfachleute VSS},
    address = {Zürich},
    Title = {{Grenzbedarf}, reduzierter {Bedarf}, {Angebot}},
    number = {640 290 Parkieren},
    Type = {SN},
    Year = {1993}
}

@techreport{sn640281,
    author = {VSS},
    Institution = {Vereinigung Schweizer Strassenfachleute VSS},
    address = {Zürich},
    Title = {{Angebot} an {Parkfeldern} für {Personenwagen}},
    number = {640 281 Parkieren},
    Type = {SN},
    Year = {2006}
}

@misc{berechnung_are,
    author = {{Bundesamt für Raumentwicklung ARE}},
    Title = {{ÖV}-{Güteklassen} --- {Berechnungsmethodik} {ARE}},
    Year = {2017},
    url = {https://www.are.admin.ch/are/de/home/verkehr-und-infrastruktur/grundlagen-und-daten/verkehrserschliessung-in-der-schweiz.html},
    note = {[Online; accessed 27-February-2018]},
}

@misc{weisung_uvek,
    author = {{Eidgenössisches Departement für Umwelt, Verkehr, Energie und Kommunikation}},
    Title = {{Programm} {Agglomerationsverkehr} - {Agglomerationsprogramme} {Verkehr} und {Siedlung}},
    Year = {2015},
    url = {https://www.are.admin.ch/are/de/home/verkehr-und-infrastruktur/programme-und-projekte/agglomerationsprogramme-verkehr-und-siedlung.html},
    note = {[Online; accessed 27-March-2018]},
}

@misc{raumplanungsgesetz,
    author = {{Bundesamt für Raumentwicklung ARE}},
    Title = {{RPG} 1: {Umsetzung} der {Siedlungsentwicklung} nach innen},
    Year = {2014},
    url = {https://www.are.admin.ch/are/de/home/raumentwicklung-und-raumplanung/raumplanungsrecht/revision-des-raumplanungsgesetzes--rpg-/rpg-1--anspruchsvolle-umsetzung-der-siedlungsentwicklung-nach-in.html},
    note = {[Online; accessed 04-April-2018]},
}

@misc{geometa_lab_hsr,
    title = {Geometa {Lab} at {HSR}},
    year  = {2018},
    url = {https://www.ifs.hsr.ch/index.php?id=12520},
    note = {[Online; accessed 20-February-2018]},
    urldate = {2018-02-20}
}

@misc{structurizr,
    title = {Structurizr},
    year  = {2018},
    url = {https://structurizr.com/},
    note = {[Online; accessed 20-February-2018]},
    urldate = {2018-02-20}
}

@misc{c4model,
    title = {C4 model},
    year  = {2018},
    url = {https://c4model.com/},
    note = {[Online; accessed 20-February-2018]},
    urldate = {2018-02-20}
}

@misc{github,
    title = {Github: public-transport-quality-grades},
    year  = {2018},
    url = {https://github.com/public-transport-quality-grades},
    note = {[Online; accessed 20-February-2018]},
    urldate = {2018-02-20}
}

@misc{github:thesis,
    title = {Github: public-transport-quality-grades/thesis},
    year  = {2018},
    url = {https://github.com/public-transport-quality-grades/thesis},
    note = {[Online; accessed 20-February-2018]},
    urldate = {2018-02-20}
}

@misc{github:backend,
    title = {Github: public-transport-quality-grades/backend},
    year  = {2018},
    url = {https://github.com/public-transport-quality-grades/backend},
    note = {[Online; accessed 13-June-2018]},
    urldate = {2018-06-13}
}

@misc{github:oevgk18-specification,
    title = {Github: public-transport-quality-grades/oevgk18-specification},
    year  = {2018},
    url = {https://github.com/public-transport-quality-grades/oevgk18-specification},
    note = {[Online; accessed 13-June-2018]},
    urldate = {2018-06-13}
}

@misc{github:oevgk18-generator,
    title = {Github: public-transport-quality-grades/oevgk18-generator},
    year  = {2018},
    url = {https://github.com/public-transport-quality-grades/oevgk18-generator},
    note = {[Online; accessed 13-June-2018]},
    urldate = {2018-06-13}
}

@misc{github:web-app,
    title = {Github: public-transport-quality-grades/web-app},
    year  = {2018},
    url = {https://github.com/public-transport-quality-grades/web-app},
    note = {[Online; accessed 13-June-2018]},
    urldate = {2018-06-13}
}

@misc{github:backend-api,
    title = {Github: public-transport-quality-grades/backend-api},
    year  = {2018},
    url = {https://github.com/public-transport-quality-grades/backend-api},
    note = {[Online; accessed 13-June-2018]},
    urldate = {2018-06-13}
}

@misc{github:admin,
    title = {Github: public-transport-quality-grades/admin},
    year  = {2018},
    url = {https://github.com/public-transport-quality-grades/admin},
    note = {[Online; accessed 13-June-2018]},
    urldate = {2018-06-13}
}

@misc{github:infrastructure,
    title = {Github: public-transport-quality-grades/infrastructure},
    year  = {2018},
    url = {https://github.com/public-transport-quality-grades/infrastructure},
    note = {[Online; accessed 13-June-2018]},
    urldate = {2018-06-13}
}

@misc{github:playground,
    title = {Github: public-transport-quality-grades/playground},
    year  = {2018},
    url = {https://github.com/public-transport-quality-grades/playground},
    note = {[Online; accessed 18-March-2018]},
    urldate = {2018-03-13}
}

@misc{travis-ci,
    title = {Travis {CI}},
    year  = {2018},
    url = {https://travis-ci.org/},
    note = {[Online; accessed 20-February-2018]},
    urldate = {2018-02-20}
}

@misc{circleci,
    title = {{CircleCI}},
    year  = {2018},
    url = {https://circleci.com/},
    note = {[Online; accessed 20-February-2018]},
    urldate = {2018-02-20}
}

@misc{oev-guteklasse-gr-defintion,
    title = {{ÖV}-{Güteklassen} {Kanton} {Graubünden}},
    year  = {2018},
    url = {https://www.gr.ch/DE/institutionen/verwaltung/bvfd/aev/oev/oevgueteklassen/Seiten/default.aspx},
    note = {[Online; accessed 27-February-2018]},
    urldate = {2018-02-27}
}

@misc{oev-guteklasse-gr,
    title = {{Definition} {ÖV}-{Struktur} / {Erhebung} {ÖV--Güteklassen} {Kanton} {Graubünden}},
    year  = {2014},
    url = {https://www.gr.ch/DE/institutionen/verwaltung/bvfd/aev/dokumentation/VDokumente/PDF_Bericht%20_OEV_Gueteklassen_GR_140314.pdf},
    note = {[Online; accessed 22-February-2018]},
    urldate = {2014-02-13}
}

@misc{sbb_open_transport_data,
    title = {{Open} {Data} {Platform} {Swiss} {Public} {Transport}},
    year  = {2017},
    url = {https://opentransportdata.swiss},
    note = {[Online; accessed 05-March-2018]},
    urldate = {2018-03-05}
}

@misc{swissalti3d_swisstopo,
    title = {{swissALTI3D} --- swisstopo},
    year  = {2017},
    url = {https://shop.swisstopo.admin.ch/de/products/height_models/alti3D},
    note = {[Online; accessed 05-March-2018]},
    urldate = {2018-03-05}
}

@misc{isodistance_gislounge,
    title = {{Isodistance} and {Isochrone} {Maps} },
    year  = {2016},
    url = {https://www.gislounge.com/isodistance-isochrone-maps/},
    note = {[Online; accessed 06-March-2018]},
    urldate = {2018-03-06}
}

@manual{sbb_hafas_spec,
    title = {{INFO+ HRDF-Exportschnittstelle 5.20.39}},
    organisation = {Schweizerische Bundesbahnen},
    year = {2016},
    url = {http://www.fahrplanfelder.ch/fileadmin/fap_daten_test/hrdf.pdf},
    note = {[Online; accessed 07-March-2018]},
    urldate = {2018-03-07}
}

@misc{gtfs_spec,
    title = {{General} {Transit} {Feed} {Specification}},
    year  = {2018},
    url = {http://gtfs.org/},
    note = {[Online; accessed 07-March-2018]},
    urldate = {2018-03-07}
}

@misc{geops_fahrplandaten,
    title = {geOps --- {Public} {Transporation} {Feed} for {Switzerland}},
    year  = {2018},
    url = {http://gtfs.geops.ch/},
    note = {[Online; accessed 07-March-2018]},
    urldate = {2018-03-07}
}

@misc{planet_osm_ch,
    title = {OSM {Data} for {Switzerland}},
    year  = {2018},
    url = {https://planet.osm.ch/},
    note = {[Online; accessed 07-March-2018]},
    urldate = {2018-03-07}
}

@article{SMART,
    author = {Doran, George T.},
    title = {There's a S.M.A.R.T. way to write managements's goals and objectives.},
    journal = {Management Review},
    issue_date = {1981},
    volume = {70},
    number = {11},
    year = {1981},
    issn = {0025-1895},
    pages = {35--36},
    numpages = {2}
}

@book{BassSoftwareArchitecture2012,
    title = {Software Architecture in Practice},
    edition={Third},
    author={{L. Bass et al.}},
    year={2012},
    publisher={Addison-Wesley Professional},
}

@misc{oev-guteklassen-zh,
    title = {{ÖV--Güteklassen} {Infoblatt}},
    year  = {2017},
    url = {https://www.geolion.zh.ch/geodatensatz/1989/downloadPDF},
    note = {[Online; accessed 13-March-2018]},
    urldate = {2018-03-13}
}

@misc{react,
    title = {React --- {A} {JavaScript} library for building user interfaces},
    year  = {2018},
    url = {https://reactjs.org/},
    note = {[Online; accessed 13-March-2018]},
    urldate = {2018-03-13}
}

@misc{vuejs,
    title = {Vue.js --- {The} {Progressive} {JavaScript} {Framework}},
    year  = {2018},
    url = {https://vuejs.org/},
    note = {[Online; accessed 13-March-2018]},
    urldate = {2018-03-13}
}

@misc{jsx,
    title = {{JSX}},
    year  = {2018},
    url = {https://jsx.github.io},
    note = {[Online; accessed 13-March-2018]},
    urldate = {2018-03-13}
}

@misc{leaflet,
    title = {Leaflet},
    year  = {2018},
    url = {http://leafletjs.com},
    note = {[Online; accessed 13-March-2018]},
    urldate = {2018-03-13}
}

@misc{react-leaflet,
    title = {Github: {PaulLeCam/React-Leaflet}},
    year  = {2018},
    url = {https://github.com/PaulLeCam/react-leaflet},
    note = {[Online; accessed 13-March-2018]},
    urldate = {2018-03-13}
}

@misc{vue2leaflet,
    title = {Github: {KoRiGaN/Vue2Leaflet}},
    year  = {2018},
    url = {https://github.com/KoRiGaN/Vue2Leaflet},
    note = {[Online; accessed 13-March-2018]},
    urldate = {2018-03-13}
}

@misc{geometalab_vectortiles,
    title = {{Vector} {Tiles} --- {Die} {Webkarten-Technologie} der {Zukunft}?},
    year  = {2018},
    url = {http://geometalab.tumblr.com/post/169805467537/vector-tiles-die-webkarten-technologie-der},
    note = {[Online; accessed 18-March-2018]},
    urldate = {2018-03-18}
}

@misc{mapbox_gl_js,
    title = {Mapbox {GL} {JS}},
    year  = {2018},
    url = {https://www.mapbox.com/mapbox-gl-js/api/},
    note = {[Online; accessed 18-March-2018]},
    urldate = {2018-03-18}
}

@misc{openmaptiles,
    title = {{OpenMapTiles}},
    year  = {2018},
    url = {https://openmaptiles.org/},
    note = {[Online; accessed 18-March-2018]},
    urldate = {2018-03-13}
}

@misc{react_mapbox_gl,
    title = {Github: alex3165/react-mapbox-gl},
    year  = {2018},
    url = {https://github.com/alex3165/react-mapbox-gl},
    note = {[Online; accessed 18-March-2018]},
    urldate = {2018-03-13}
}

@misc{vue_mapbox_gl,
    title = {Github: phegman/vue-mapbox-gl},
    year  = {2018},
    url = {https://github.com/phegman/vue-mapbox-gl},
    note = {[Online; accessed 18-March-2018]},
    urldate = {2018-03-18}
}

@misc{create_react_app,
    title = {Github: facebook/create-react-app},
    year  = {2018},
    url = {https://github.com/facebook/create-react-app},
    note = {[Online; accessed 18-March-2018]},
    urldate = {2018-03-18}
}

@misc{vue_cli,
    title = {Github: vuejs/vue-cli},
    year  = {2018},
    url = {https://github.com/vuejs/vue-cli},
    note = {[Online; accessed 18-March-2018]},
    urldate = {2018-03-13}
}

@inbook{martin_clean_architecture,
    title={Clean Architecture: A Craftsman's Guide to Software Structure and Design},
    author={Martin, R.C.},
    isbn={9780134494166},
    lccn={2017945537},
    series={Robert C. Martin series},
    year={2017},
    publisher={Prentice Hall},
    chapter={22}
}

@inbook{visum_manual_formula,
    title={VISUM 12 Grundlagen},
    author={Rickborn, R.},
    isbn={9783844214116},
    series={Ptv vision},
    year={2012},
    publisher={epubli GmbH},
    pages={167--168}
}

@misc{records,
    title = {records -- SQL for humans},
    year  = {2018},
    url = {https://pypi.python.org/pypi/records/},
    note = {[Online; accessed 05-April-2018]},
    urldate = {2018-04-05}
}

@misc{shapely,
    title = {Shapely},
    year  = {2018},
    url = {https://github.com/Toblerity/Shapely},
    note = {[Online; accessed 05-April-2018]},
    urldate = {2018-04-05}
}

@misc{flow,
    title = {Flow},
    year  = {2018},
    url = {https://flow.org/},
    note = {[Online; accessed 07-April-2018]},
    urldate = {2018-04-07}
}

@misc{jest,
    title = {{Jest} -- {Delightful} {JavaScript} {Testing}},
    year  = {2018},
    url = {https://facebook.github.io/jest/},
    note = {[Online; accessed 08-April-2018]},
    urldate = {2018-04-08}
}

@article{berechnung_oesterreich,
    title = {{ÖV}-{Güteklassen} – ein {Werkzeug} zur {Analyse} der 
{Versorgung} eines {Standortes} mit {ÖV}},
    journal = {{AGIT} – {Journal} für {Angewandte} {Geoinformatik}},
    issue_date = {2017},
    number = {3},
    year = {2017},
    issn = {2364-9283}
}

@misc{grundlagenbericht_uvek,
    title = {{Normierte} gesamtverkehrliche {Erschliessungsqualitäten} - {Grundlagenbericht}},
    year  = {2015},
    url = {http://www.mobilityplatform.ch/de/shop/show-item/product/16057},
    note = {[Online; accessed 10-April-2018]},
    urldate = {2015-08-01}
}

@misc{osm2po,
    title = {{OSM2PO}},
    year  = {2017},
    url = {http://osm2po.de/},
    note = {[Online; accessed 24-April-2018]},
    urldate = {2018-04-24}
}

@misc{osmosis,
    title = {{Github}: Osmosis},
    year  = {2017},
    url = {https://github.com/openstreetmap/osmosis},
    note = {[Online; accessed 24-April-2018]},
    urldate = {2017-11-07}
}

@misc{raster2pgsql,
    title = {raster2pgsql},
    year  = {2017},
    url = {https://postgis.net/docs/using_raster_dataman.html},
    note = {[Online; accessed 24-April-2018]},
    urldate = {2018-04-24}
}

@misc{github_docker_setup,
    title = {Github: {Manual} zur {Vorbereitung} der {Datenbank}},
    year  = {2018},
    url = {https://github.com/public-transport-quality-grades/oevgk18-generator/tree/master/docker},
    note = {[Online; accessed 02-May-2018]},
    urldate = {2018-05-02}
}

@misc{postgresql_doc,
    title = {{PostgreSQL} 10.3 {Documentation}},
    year  = {2018},
    url = {https://www.postgresql.org/docs/current/static/},
    note = {[Online; accessed 09-May-2018]},
    urldate = {2018-05-09}
}

@misc{postgis,
    title = {{PostGIS}},
    year  = {2018},
    url = {https://postgis.net/},
    note = {[Online; accessed 14-May-2018]},
    urldate = {2018-05-14}
}

@misc{pgRouting,
    title = {{pgRouting}},
    year  = {2018},
    url = {https://pgrouting.org/},
    note = {[Online; accessed 14-May-2018]},
    urldate = {2018-05-14}
}

@misc{graphhopper,
    title = {{GraphHopper}},
    year  = {2018},
    url = {https://www.graphhopper.com/},
    note = {[Online; accessed 14-May-2018]},
    urldate = {2018-05-14}
}

@misc{osrm,
    title = {Project {OSRM} --- {Open} {Source} {Routing} {Machine}},
    year  = {2018},
    url = {http://project-osrm.org/},
    note = {[Online; accessed 14-May-2018]},
    urldate = {2018-05-14}
}

@misc{mapbox_osrm_isochrone,
    title = {Github: mapbox/osrm-isochrone},
    year  = {2018},
    url = {https://github.com/mapbox/osrm-isochrone},
    note = {[Online; accessed 14-May-2018]},
    urldate = {2018-05-14}
}

@article{pedestrian_accessibility_planning,
    author = {{S. Rossetti et al.}},
    title = {Pedestrian mobility and accessibility planning: some remarks towards the implementation of travel time maps},
    journal = {CSE-City Safety Energy},
    issue_date = {2015/8/24},
    volume = {1},
    pages = {67--78},
    keywords = {Accessibility; Pedestrian mobility; Organic Urban Planning; GIS; Backtracking algorithms},
}

@article{plaza_route,
	author = {{J. Matter} and {R. Suter}},
	year = {2018},
	title = {{PlazaRoute: Fussgänger-Routing über offene Flächen im urbanen Raum}},
    url = {https://eprints.hsr.ch/625/}
}

@article{dijkstra_algorithm,
    author="Dijkstra, E. W.",
    title="A note on two problems in connexion with graphs",
    journal="Numerische Mathematik",
    year="1959",
    month="Dec",
    day="01",
    volume="1",
    number="1",
    pages="269--271",
    issn="0945-3245",
    doi="10.1007/BF01386390",
    url="https://doi.org/10.1007/BF01386390"
}

@inproceedings{alpha_shapes,
  title={Alpha shapes: definition and software},
  author={Akkiraju, Nataraj and Edelsbrunner, Herbert and Facello, Michael and Fu, Ping and Mucke, EP and Varela, C},
  booktitle={Proceedings of the 1st International Computational Geometry Software Workshop},
  volume={63},
  pages={66},
  year={1995}
}

@misc{boost_graph,
    title = {{The} {Boost} {Graph} {Library}},
    year  = {2018},
    url = {https://www.boost.org/doc/libs/1_67_0/libs/graph/doc/index.html},
    note = {[Online; accessed 06-June-2018]},
    urldate = {2018-06-06}
}


@misc{pytest,
    title = {pytest},
    year  = {2018},
    url = {https://pytest.org/},
    note = {[Online; accessed 07-June-2018]},
    urldate = {2018-06-07}
}

@misc{pgTAP,
    title = {pgTAP},
    year  = {2018},
    url = {https://pgtap.org/},
    note = {[Online; accessed 07-June-2018]},
    urldate = {2018-06-07}
}

@misc{flask,
    title = {Flask},
    year  = {2018},
    url = {http://flask.pocoo.org},
    note = {[Online; accessed 10-June-2018]},
    urldate = {2018-06-10}
}

@misc{maturity_model,
    title = {Maturity Model},
    year  = {2018},
    url = {https://martinfowler.com/articles/richardsonMaturityModel.html},
    note = {[Online; accessed 10-June-2018]},
    urldate = {2018-06-10}
}

@misc{flasgger,
    title = {{Github: Flasgger}},
    year  = {2018},
    url = {https://github.com/rochacbruno/flasgger},
    note = {[Online; accessed 10-June-2018]},
    urldate = {2018-06-10}
}

@misc{open-api-specificaiton,
    title = {OpenAPI Specification},
    year  = {2018},
    url = {https://swagger.io/specification},
    note = {[Online; accessed 10-June-2018]},
    urldate = {2018-06-10}
}

@misc{oevgk18-backend-api-spec,
    title = {OeVGK18 Backend API Spezifikation},
    year  = {2018},
    url = {https://public-transport-quality-grades.github.io/backend-api/},
    note = {[Online; accessed 10-June-2018]},
    urldate = {2018-06-10}
}

@misc{oevgk18-backend-api-swaggerui,
    title = {OeVGK18 Backend API SwaggerUI},
    year  = {2018},
    url = {https://public-transport-quality-grades.github.io/backend-api/swagger-ui},
    note = {[Online; accessed 10-June-2018]},
    urldate = {2018-06-10}
}

@misc{tile-server-gl,
    title = {{Github: TileServer GL}},
    year  = {2018},
    url = {https://github.com/klokantech/tileserver-gl},
    note = {[Online; accessed 11-June-2018]},
    urldate = {2018-06-11}
}

@misc{mbtiles,
    title = {{Github: MBTiles Specification}},
    year  = {2018},
    url = {https://github.com/mapbox/mbtiles-spec},
    note = {[Online; accessed 11-June-2018]},
    urldate = {2018-06-11}
}

@misc{tippecanoe,
    title = {{Github: tippecanoe}},
    year  = {2018},
    url = {https://github.com/mapbox/tippecanoe},
    note = {[Online; accessed 11-June-2018]},
    urldate = {2018-06-11}
}

@misc{mapbox_layer_opacity,
    title = {Github: mapbox-gl-js --- {Diskussion} zur {Einführung} der {Deckkraft} für {Ebenen}},
    year  = {2018},
    url = {https://github.com/mapbox/mapbox-gl-js/issues/4090},
    note = {[Online; accessed 11-June-2018]},
    urldate = {2018-06-11}
}

@misc{leaflet_vector_grid,
    title = {{Github: Leaflet.VectorGrid}},
    year  = {2018},
    url = {https://github.com/Leaflet/Leaflet.VectorGrid},
    note = {[Online; accessed 11-June-2018]},
    urldate = {2018-06-11}
}

@misc{mapbox_gl_leaflet,
    title = {{Github: mapbox/mapbox-gl-leaflet}},
    year  = {2018},
    url = {https://github.com/mapbox/mapbox-gl-leaflet},
    note = {[Online; accessed 11-June-2018]},
    urldate = {2018-06-11}
}

@article{parallel_comp,
	author = {Blaise Barney},
	year = {2018},
	title = {{Introduction to Parallel Computing}},
    url = {https://computing.llnl.gov/tutorials/parallel_comp/}
}

@misc{bav_tu_verzeichnis,
    title = {{Bundesamt für Verkehr BAV: TU-Verzeichnis}},
    year  = {2018},
    url = {https://www.bav.admin.ch/bav/de/home/themen-a-z/verzeichnisse/tu-verzeichnis.html},
    note = {[Online; accessed 14-June-2018]},
    urldate = {2018-06-14}
}